@book{Bollier2019,
 title = {Frei, fair und lebendig: die Macht der Commons},
 author = {Bollier, David and Helfrich, Silke},
 year = {2019},
 series = {Sozialtheorie},
 pages = {400},
 address = {Bielefeld},
 publisher = {transcript Verlag},
 isbn = {978-3-8394-4530-3},
 doi = {https://doi.org/10.14361/9783839445303},
 urn = {https://nbn-resolving.org/urn:nbn:de:0168-ssoar-70998-4}}

@MISC{lpwan2022,
  author = "elektronik-kompedium",
  title = "LPWAN - Low Power Wide Area Network",
  year = 2022,
  howpublished = "\url{https://www.elektronik-kompendium.de/sites/kom/2207181.htm}",
  note = "Letzter Zugriff: 22.02.2022"
}

@MISC{lora2022,
  author = "Robert Lie",
  title = "LoRa",
  year = 2022,
  howpublished = "\url{https://lora.readthedocs.io/en/latest/}",
  note = "Letzter Zugriff: 22.02.2022"
}

@MISC{scrum2018,
  author = "Isabell Gollmer",
  title = "Agiles arbeiten mit Scrum",
  year = 2018,
  howpublished = "\url{https://www.etventure.de/blog/digitallearning-2-agiles-arbeiten-mit-scrum/}",
  note = "Letzter Zugriff: 18.02.22"
}

@BOOK{Staniec2020,
    AUTHOR = {Staniec, Kamil},
	YEAR = {2020},
	TITLE = {Radio Interfaces in the Internet of Things Systems - Performance studies},
	EDITION = {1},
	ISBN = {978-3-030-44846-2},
	DOI = {https://doi.org/10.1007/978-3-030-44846-2},
	PUBLISHER = {Springer Nature},
	ADDRESS = {Singapore}}


