%% This BibTeX bibliography file was created using BibDesk.
%% http://bibdesk.sourceforge.net/


%% Created for Thomas at 2014-09-03 17:04:40 +0200 


%% Saved with string encoding Unicode (UTF-8) 



@misc{Contiki-syslog,
	Author = {Anuj Sehgal},
	Date-Added = {2014-09-03 15:00:48 +0000},
	Date-Modified = {2014-09-03 15:00:48 +0000},
	Explicitlabel = {{Web:Contiki-syslog}},
	Shorthand = {Web:Contiki-syslog},
	Title = {{contiki-ntp-syslog}},
	Url = {http://cnds.eecs.jacobs-university.de/software/contiki-syslog/},
	Urldate = {2013-06-10},
	Bdsk-Url-1 = {http://cnds.eecs.jacobs-university.de/software/contiki-syslog/}}

@book{vasseur10interconnecting,
	Author = {Jean-Philippe Vasseur and Adam Dunkels},
	Date-Added = {2014-09-03 15:00:39 +0000},
	Date-Modified = {2014-09-03 15:00:39 +0000},
	Isbn = {978-0123751652},
	Publisher = {Morgan Kaufmann},
	Title = {{Interconnecting Smart Objects with IP - The Next Internet}},
	Url = {http://TheNextInternet.org/},
	Year = {2010},
	Bdsk-Url-1 = {http://TheNextInternet.org/}}

@book{Vermesan:TheInternetOfThings,
	Author = {Dr. Ovidiu Vermesan and Dr. Peter Friess},
	Date-Added = {2014-09-03 15:00:27 +0000},
	Date-Modified = {2014-09-03 15:02:40 +0000},
	Edition = {1},
	Isbn = {978-87-92329-73-8},
	Publisher = {River Publishers},
	Shorthand = {Vermesan und Friess 2011},
	Title = {The Internet of Things - Global Technological and Societal Trends},
	Year = {2011}}

@misc{dunkels11adhoc,
	Author = {Adam Dunkels and Joakim Eriksson and Nicolas Tsiftes},
	Date-Added = {2014-09-03 14:59:59 +0000},
	Date-Modified = {2014-09-03 15:04:03 +0000},
	Month = may,
	Shorthand = {Dunkels et al. 2011},
	Title = {Low-power Interoperability for the IPv6-based Internet of Things},
	Url = {http://www.sics.se/~adam/dunkels11adhoc.pdf},
	Year = 2011,
	Bdsk-Url-1 = {http://www.sics.se/~adam/dunkels11adhoc.pdf}}

@techreport{dunkels11contikimac,
	Author = {Adam Dunkels},
	Date-Added = {2014-09-03 14:59:54 +0000},
	Date-Modified = {2014-09-03 14:59:54 +0000},
	Institution = {Swedish Institute of Computer Science},
	Month = dec,
	Number = {T2011:13},
	Shorthand = {Dunkels 2011},
	Title = {{The ContikiMAC Radio Duty Cycling Protocol}},
	Url = {http://www.sics.se/~adam/dunkels11contikimac.pdf},
	Year = 2011,
	Bdsk-Url-1 = {http://www.sics.se/~adam/dunkels11contikimac.pdf}}

@inproceedings{tsiftes10rpl,
	Address = {Stockholm, Sweden},
	Author = {Nicolas Tsiftes and Joakim Eriksson and Adam Dunkels},
	Booktitle = {Proceedings of the 9th ACM/IEEE International Conference on Information Processing in Sensor Networks (IPSN 2010)},
	Date-Added = {2014-09-03 14:59:40 +0000},
	Date-Modified = {2014-09-03 14:59:40 +0000},
	Month = apr,
	Shorthand = {Tsiftes et al. 2010},
	Title = {Poster Abstract: Low-Power Wireless IPv6 Routing with ContikiRPL},
	Url = {http://www.sics.se/~adam/tsiftes10rpl.pdf},
	Year = 2010,
	Bdsk-Url-1 = {http://www.sics.se/~adam/tsiftes10rpl.pdf}}

@misc{zigbee-ip,
	Abstract = {{The ZigBee IP Specification describes the protocol infrastructure and services available to applications operating on the ZigBee IP platform}},
	Author = {{ZigBee Alliance}},
	Date-Added = {2014-09-03 14:59:03 +0000},
	Date-Modified = {2014-09-03 14:59:03 +0000},
	Explicitlabel = {ZigBee-IP},
	Keywords = {ZigBee IP, 802.15.4, IPv6, 6LoWPAN},
	Month = feb,
	Publisher = {ZigBee Alliance},
	Shorthand = {ZigBee-IP},
	Status = {STANDARD},
	Title = {{ZigBee IP Specification}},
	Url = {http://www.zigbee.org/Specifications/ZigBeeIP/Download.aspx},
	Urldate = {2013-04-13},
	Year = {2013},
	Bdsk-Url-1 = {http://www.zigbee.org/Specifications/ZigBeeIP/Download.aspx}}

@techreport{RFC6550,
	Author = {{T. Winter and P. Thubert and A. Brandt and J. Hui and R. Kelsey and P. Levis and K. Pister and R. Struik and J. Vasseur and R. Alexander}},
	Date-Added = {2014-09-03 14:58:54 +0000},
	Date-Modified = {2014-09-03 15:04:31 +0000},
	Explicitlabel = {RFC6550},
	Institution = {Internet Engineering Task Force},
	Month = Mar,
	Number = {6550},
	Publisher = {IETF},
	Series = {Request for Comments},
	Shorthand = {RFC6550},
	Status = {STANDARD},
	Title = {{RPL: IPv6 Routing Protocol for Low-Power and Lossy Networks}},
	Type = {RFC},
	Url = {http://tools.ietf.org/html/rfc6550},
	Year = 2012,
	Bdsk-Url-1 = {http://tools.ietf.org/html/rfc6550}}

@book{Heath:EmbeddedSystemsDesign,
	Author = {Steve Heath},
	Date-Added = {2014-09-03 14:58:40 +0000},
	Date-Modified = {2014-09-03 15:04:25 +0000},
	Edition = {2},
	Isbn = {978-0750655460},
	Pages = {I-XX, 1-430},
	Publisher = {Elsevier Ltd.},
	Shorthand = {Heath 2003},
	Title = {Embedded Systems Design},
	Year = {2003}}

@book{Ludewig:SoftwareEngineering,
	Author = {Jochen Ludewig and Horst Lichter},
	Date-Added = {2014-09-03 14:58:22 +0000},
	Date-Modified = {2014-09-03 14:58:22 +0000},
	Edition = {2},
	Isbn = {978-3-89864-662-8},
	Language = {Deutsch},
	Pages = {I-XXI, 1-665},
	Publisher = {dpunkt.verlag},
	Shorthand = {Ludewig und Lichter 2010},
	Title = {Software Engineering - Grundlagen, Menschen, Prozesse, Techniken},
	Year = {2010}}

@book{Hersent:TheInternetOfThings,
	Author = {Olivier Hersent and David Boswarthick and Omar Elloumi},
	Date-Added = {2014-09-03 14:55:57 +0000},
	Date-Modified = {2014-09-03 15:04:38 +0000},
	Edition = {6},
	Isbn = {978-1-1199943-5-0},
	Publisher = {John Wiley and Sons Ltd},
	Shorthand = {Hersent et al. 2012},
	Title = {The Internet of Things: Key Applications and Protocols},
	Year = {2012}}

@techreport{RFC1122,
	Author = {R. Braden},
	Date-Added = {2014-09-03 14:53:01 +0000},
	Date-Modified = {2014-09-03 14:53:01 +0000},
	Explicitlabel = {RFC1122},
	Institution = {Internet Engineering Task Force},
	Keywords = {TCP/IP, RFC},
	Month = oct,
	Number = {1122},
	Online = {yes},
	Publisher = {IETF},
	Series = {Request for Comments},
	Shorthand = {RFC1122},
	Status = {STANDARD},
	Title = {{Requirements for Internet Hosts --- Communication Layers}},
	Type = {RFC},
	Url = {http://tools.ietf.org/html/rfc1122},
	Year = {1989},
	Bdsk-Url-1 = {http://tools.ietf.org/html/rfc1122}}

@book{Bormann:6LoWPAN,
	Author = {Zach Shelby and Carsten Bormann},
	Date-Added = {2014-09-03 14:51:34 +0000},
	Date-Modified = {2014-09-03 15:04:18 +0000},
	Isbn = {978-0-470-74799-5},
	Pages = {I-XX, 1-223},
	Publisher = {John Wiley and Sons Ltd},
	Title = {6LoWPAN: the wireless embedded internet},
	Year = {2009}}

@inproceedings{Ott2012,
	Author = {Alan Ott},
	Booktitle = {{Embedded Linux Conference Europe 2012 (ELC2012)}},
	Date-Added = {2014-09-03 14:48:47 +0000},
	Date-Modified = {2014-09-03 14:48:47 +0000},
	Month = nov,
	Shorthand = {Ott 2012},
	Title = {{Wireless Networking with IEEE 802.15.4 and 6LoWPAN}},
	Url = {http://www.signal11.us/oss/elce2012/},
	Urldate = {2013-06-10},
	Year = 2012,
	Bdsk-Url-1 = {http://www.signal11.us/oss/elce2012/}}

@inproceedings{ko11beyond,
	Address = {Seattle, WA, USA},
	Author = {JeongGil Ko and Joakim Eriksson and Nicolas Tsiftes and Stephen Dawson-Haggerty and Mathilde Durvy and JP Vasseur and Andreas Terzis and Adam Dunkels and David Culler},
	Booktitle = {Proceedings of the ACM Conference on Networked Embedded Sensor Systems, ACM SenSys 2011},
	Date-Added = {2014-09-03 14:47:57 +0000},
	Date-Modified = {2014-09-03 14:47:57 +0000},
	Month = nov,
	Title = {{Beyond Interoperability: Pushing the Performance of Sensornet IP Stacks}},
	Url = {http://www.sics.se/~adam/ko11beyond.pdf},
	Year = 2011,
	Bdsk-Url-1 = {http://www.sics.se/~adam/ko11beyond.pdf}}
